
  <record>
    <leader>01128cam a2200289   4500</leader>
    <controlfield tag="001">94</controlfield>
    <controlfield tag="005">20141021232345.0</controlfield>
    <controlfield tag="008">851126s1904    mau           100 0 eng  </controlfield>
    <datafield tag="010" ind1=" " ind2=" ">
      <subfield code="a">   51008848 </subfield>
    </datafield>
    <datafield tag="035" ind1=" " ind2=" ">
      <subfield code="a">(CStRLIN)NYCX85B133315</subfield>
    </datafield>
    <datafield tag="035" ind1=" " ind2=" ">
      <subfield code="a">(NIC)notisAAA0092</subfield>
    </datafield>
    <datafield tag="035" ind1=" " ind2=" ">
      <subfield code="a">(OCoLC)35410721</subfield>
    </datafield>
    <datafield tag="035" ind1=" " ind2=" ">
      <subfield code="a">94</subfield>
    </datafield>
    <datafield tag="040" ind1=" " ind2=" ">
      <subfield code="c">CU-AL</subfield>
      <subfield code="d">NIC</subfield>
    </datafield>
    <datafield tag="050" ind1="0" ind2=" ">
      <subfield code="a">JX1930</subfield>
      <subfield code="b">.U5 1904</subfield>
    </datafield>
    <datafield tag="111" ind1="2" ind2=" ">
      <subfield code="a">Universal peace congress.</subfield>
      <subfield code="n">13th,</subfield>
      <subfield code="c">Boston,</subfield>
      <subfield code="d">1904.</subfield>
    </datafield>
    <datafield tag="245" ind1="1" ind2="0">
      <subfield code="a">Official report of the thirteenth Universal peace congress,</subfield>
      <subfield code="b">held at Boston, Massachusetts, U.S.A., October third to eight, 1904.</subfield>
      <subfield code="c">Reported by William J. Rose, Boston.  Ed. by the secretary of the congress.</subfield>
    </datafield>
    <datafield tag="260" ind1=" " ind2=" ">
      <subfield code="a">Boston,</subfield>
      <subfield code="b">The Peace congress committee,</subfield>
      <subfield code="c">1904.</subfield>
    </datafield>
    <datafield tag="300" ind1=" " ind2=" ">
      <subfield code="a">351 p.</subfield>
      <subfield code="c">23 cm.</subfield>
    </datafield>
    <datafield tag="500" ind1=" " ind2=" ">
      <subfield code="a">"A brief history of the Peace congresses": p. 7-15.</subfield>
    </datafield>
    <datafield tag="650" ind1=" " ind2="0">
      <subfield code="a">Peace</subfield>
      <subfield code="x">Congresses.</subfield>
    </datafield>
    <datafield tag="650" ind1=" " ind2="7">
      <subfield code="a">Peace</subfield>
      <subfield code="2">fast</subfield>
      <subfield code="0">(OCoLC)fst01055758</subfield>
    </datafield>
    <datafield tag="655" ind1=" " ind2="7">
      <subfield code="a">Conference proceedings</subfield>
      <subfield code="2">fast</subfield>
      <subfield code="0">(OCoLC)fst01423772</subfield>
    </datafield>
    <datafield tag="903" ind1=" " ind2=" ">
      <subfield code="a">Kirtas/Annex</subfield>
      <subfield code="d">20080229</subfield>
      <subfield code="p">31924005213818</subfield>
    </datafield>
    <datafield tag="905" ind1=" " ind2=" ">
      <subfield code="a">19880603120000.0</subfield>
    </datafield>
    <datafield tag="948" ind1="2" ind2=" ">
      <subfield code="a">20141016</subfield>
      <subfield code="b">m</subfield>
      <subfield code="d">batch</subfield>
      <subfield code="e">lts</subfield>
      <subfield code="x">addfast</subfield>
    </datafield>
    <datafield tag="950" ind1=" " ind2=" ">
      <subfield code="l">OLIN</subfield>
      <subfield code="a">JX1930</subfield>
      <subfield code="b">.U5 1904</subfield>
      <subfield code="f">BASIC</subfield>
      <subfield code="i">11/26/85 N</subfield>
    </datafield>
  </record>