
  <record>
    <leader>01360cam a22003851a 4500</leader>
    <controlfield tag="001">95</controlfield>
    <controlfield tag="005">20141021232345.0</controlfield>
    <controlfield tag="008">860224s1925    nyua          001 0 eng  </controlfield>
    <datafield tag="010" ind1=" " ind2=" ">
      <subfield code="a">   25010393 </subfield>
    </datafield>
    <datafield tag="035" ind1=" " ind2=" ">
      <subfield code="a">(CStRLIN)NYCX86B22816</subfield>
    </datafield>
    <datafield tag="035" ind1=" " ind2=" ">
      <subfield code="a">(NIC)notisAAA0093</subfield>
    </datafield>
    <datafield tag="035" ind1=" " ind2=" ">
      <subfield code="a">95</subfield>
    </datafield>
    <datafield tag="035" ind1=" " ind2=" ">
      <subfield code="a">(OCoLC)2138695</subfield>
    </datafield>
    <datafield tag="040" ind1=" " ind2=" ">
      <subfield code="a">DLC</subfield>
      <subfield code="c">OClW</subfield>
      <subfield code="d">OTMC</subfield>
      <subfield code="d">NjR</subfield>
      <subfield code="d">CStRLIN</subfield>
      <subfield code="d">NIC</subfield>
      <subfield code="d">NIC</subfield>
    </datafield>
    <datafield tag="050" ind1="0" ind2=" ">
      <subfield code="a">S419</subfield>
      <subfield code="b">.G8</subfield>
    </datafield>
    <datafield tag="100" ind1="1" ind2=" ">
      <subfield code="a">Gras, Norman Scott Brien,</subfield>
      <subfield code="d">1884-1956.</subfield>
    </datafield>
    <datafield tag="245" ind1="1" ind2="2">
      <subfield code="a">A history of agriculture in Europe and America /</subfield>
      <subfield code="c">by Norman Scott Brien Gras.</subfield>
    </datafield>
    <datafield tag="260" ind1=" " ind2=" ">
      <subfield code="a">New York :</subfield>
      <subfield code="b">F.S. Crofts &amp; Co.,</subfield>
      <subfield code="c">1925.</subfield>
    </datafield>
    <datafield tag="300" ind1=" " ind2=" ">
      <subfield code="a">xxvii, 444 p. :</subfield>
      <subfield code="b">ill. ;</subfield>
      <subfield code="c">22 cm.</subfield>
    </datafield>
    <datafield tag="500" ind1=" " ind2=" ">
      <subfield code="a">"Suggestions for further study" at end of each chapter.</subfield>
    </datafield>
    <datafield tag="530" ind1=" " ind2=" ">
      <subfield code="a">Also available through World Wide Web.</subfield>
    </datafield>
    <datafield tag="650" ind1=" " ind2="0">
      <subfield code="a">Agriculture</subfield>
      <subfield code="x">History.</subfield>
    </datafield>
    <datafield tag="650" ind1=" " ind2="0">
      <subfield code="a">Agriculture</subfield>
      <subfield code="z">Europe.</subfield>
    </datafield>
    <datafield tag="650" ind1=" " ind2="0">
      <subfield code="a">Agriculture</subfield>
      <subfield code="z">United States.</subfield>
    </datafield>
    <datafield tag="650" ind1=" " ind2="0">
      <subfield code="a">Agriculture</subfield>
      <subfield code="z">Europe</subfield>
      <subfield code="x">History.</subfield>
    </datafield>
    <datafield tag="650" ind1=" " ind2="0">
      <subfield code="a">Agriculture</subfield>
      <subfield code="z">United States</subfield>
      <subfield code="x">History.</subfield>
    </datafield>
    <datafield tag="650" ind1=" " ind2="7">
      <subfield code="a">Agriculture</subfield>
      <subfield code="2">fast</subfield>
      <subfield code="0">(OCoLC)fst00801355</subfield>
    </datafield>
    <datafield tag="651" ind1=" " ind2="7">
      <subfield code="a">Europe</subfield>
      <subfield code="2">fast</subfield>
      <subfield code="0">(OCoLC)fst01245064</subfield>
    </datafield>
    <datafield tag="651" ind1=" " ind2="7">
      <subfield code="a">United States</subfield>
      <subfield code="2">fast</subfield>
      <subfield code="0">(OCoLC)fst01204155</subfield>
    </datafield>
    <datafield tag="655" ind1=" " ind2="7">
      <subfield code="a">History</subfield>
      <subfield code="2">fast</subfield>
      <subfield code="0">(OCoLC)fst01411628</subfield>
    </datafield>
    <datafield tag="776" ind1="0" ind2=" ">
      <subfield code="c">Online</subfield>
      <subfield code="w">(Voyager)2845579</subfield>
    </datafield>
    <datafield tag="899" ind1="1" ind2=" ">
      <subfield code="a">CHLA</subfield>
    </datafield>
    <datafield tag="905" ind1=" " ind2=" ">
      <subfield code="a">19960930120000.0</subfield>
    </datafield>
    <datafield tag="948" ind1="2" ind2=" ">
      <subfield code="a">20141016</subfield>
      <subfield code="b">m</subfield>
      <subfield code="d">batch</subfield>
      <subfield code="e">lts</subfield>
      <subfield code="x">addfast</subfield>
    </datafield>
    <datafield tag="950" ind1=" " ind2=" ">
      <subfield code="l">MANN</subfield>
      <subfield code="a">S419</subfield>
      <subfield code="b">.G8 1925</subfield>
      <subfield code="f">BASIC</subfield>
      <subfield code="i">02/24/86 N</subfield>
    </datafield>
  </record>