
  <record>
    <leader>01604cam a2200397   4500</leader>
    <controlfield tag="001">98</controlfield>
    <controlfield tag="005">20141021232349.0</controlfield>
    <controlfield tag="008">851210s1933    dcuabk   b    000 0 eng  </controlfield>
    <datafield tag="010" ind1=" " ind2=" ">
      <subfield code="a">   33033073 </subfield>
    </datafield>
    <datafield tag="035" ind1=" " ind2=" ">
      <subfield code="a">(CStRLIN)NYCX85B138665</subfield>
    </datafield>
    <datafield tag="035" ind1=" " ind2=" ">
      <subfield code="a">(NIC)notisAAA0096</subfield>
    </datafield>
    <datafield tag="035" ind1=" " ind2=" ">
      <subfield code="a">(OCoLC)260794</subfield>
    </datafield>
    <datafield tag="035" ind1=" " ind2=" ">
      <subfield code="a">98</subfield>
    </datafield>
    <datafield tag="040" ind1=" " ind2=" ">
      <subfield code="c">NjR-L</subfield>
      <subfield code="d">NjR-L</subfield>
      <subfield code="d">IaU-L</subfield>
      <subfield code="d">NIC</subfield>
    </datafield>
    <datafield tag="043" ind1=" " ind2=" ">
      <subfield code="a">n-us---</subfield>
    </datafield>
    <datafield tag="050" ind1="0" ind2=" ">
      <subfield code="a">JX4054</subfield>
      <subfield code="b">.W32</subfield>
    </datafield>
    <datafield tag="100" ind1="1" ind2=" ">
      <subfield code="a">Wambaugh, Sarah,</subfield>
      <subfield code="d">1882-1955.</subfield>
    </datafield>
    <datafield tag="245" ind1="1" ind2="0">
      <subfield code="a">Plebiscites since the world war,</subfield>
      <subfield code="b">with a collection of official documents,</subfield>
      <subfield code="c">by Sarah Wambaugh ...</subfield>
    </datafield>
    <datafield tag="260" ind1=" " ind2=" ">
      <subfield code="a">Washington,</subfield>
      <subfield code="b">Carnegie endowment for international peace,</subfield>
      <subfield code="c">1933.</subfield>
    </datafield>
    <datafield tag="300" ind1=" " ind2=" ">
      <subfield code="a">2 v.</subfield>
      <subfield code="b">illus., maps (1 fold.) tables (1 fold.) forms.</subfield>
      <subfield code="c">26 cm.</subfield>
    </datafield>
    <datafield tag="490" ind1="1" ind2=" ">
      <subfield code="a">Publications of the Carnegie endowment for international peace, Division of international law, Washington</subfield>
    </datafield>
    <datafield tag="650" ind1=" " ind2="0">
      <subfield code="a">Plebiscite</subfield>
    </datafield>
    <datafield tag="650" ind1=" " ind2="0">
      <subfield code="a">Self-determination, National</subfield>
    </datafield>
    <datafield tag="650" ind1=" " ind2="0">
      <subfield code="a">World War, 1914-1918</subfield>
      <subfield code="x">Territorial questions</subfield>
    </datafield>
    <datafield tag="650" ind1=" " ind2="0">
      <subfield code="a">Tacna-Arica question</subfield>
    </datafield>
    <datafield tag="611" ind1="2" ind2="7">
      <subfield code="a">World War (1914-1918)</subfield>
      <subfield code="2">fast</subfield>
      <subfield code="0">(OCoLC)fst01180746</subfield>
    </datafield>
    <datafield tag="648" ind1=" " ind2="7">
      <subfield code="a">1914 - 1918</subfield>
      <subfield code="2">fast</subfield>
    </datafield>
    <datafield tag="650" ind1=" " ind2="7">
      <subfield code="a">Plebiscite</subfield>
      <subfield code="2">fast</subfield>
      <subfield code="0">(OCoLC)fst01067100</subfield>
    </datafield>
    <datafield tag="650" ind1=" " ind2="7">
      <subfield code="a">Self-determination, National</subfield>
      <subfield code="2">fast</subfield>
      <subfield code="0">(OCoLC)fst01111610</subfield>
    </datafield>
    <datafield tag="650" ind1=" " ind2="7">
      <subfield code="a">Tacna-Arica question</subfield>
      <subfield code="2">fast</subfield>
      <subfield code="0">(OCoLC)fst01141853</subfield>
    </datafield>
    <datafield tag="830" ind1=" " ind2="0">
      <subfield code="a">Publications of the Carnegie Endowment for International Peace, Division of International Law.</subfield>
    </datafield>
    <datafield tag="905" ind1=" " ind2=" ">
      <subfield code="a">19920817120000.0</subfield>
    </datafield>
    <datafield tag="948" ind1="2" ind2=" ">
      <subfield code="a">20090921</subfield>
      <subfield code="b">y</subfield>
      <subfield code="d">ekh3</subfield>
      <subfield code="e">law</subfield>
    </datafield>
    <datafield tag="948" ind1="2" ind2=" ">
      <subfield code="a">20141016</subfield>
      <subfield code="b">m</subfield>
      <subfield code="d">batch</subfield>
      <subfield code="e">lts</subfield>
      <subfield code="x">addfast</subfield>
    </datafield>
    <datafield tag="950" ind1=" " ind2=" ">
      <subfield code="l">OLIN</subfield>
      <subfield code="a">JX4054.W24</subfield>
      <subfield code="b">P7+</subfield>
      <subfield code="f">BASIC</subfield>
      <subfield code="h">12/10/85 N</subfield>
    </datafield>
    <datafield tag="950" ind1=" " ind2=" ">
      <subfield code="l">LAW</subfield>
      <subfield code="a">JX4054.W21</subfield>
      <subfield code="b">P5</subfield>
      <subfield code="f">BASIC</subfield>
      <subfield code="i">02/07/86 N</subfield>
    </datafield>
  </record>