
  <record>
    <leader>00939cam a22002771  4500</leader>
    <controlfield tag="001">102</controlfield>
    <controlfield tag="005">20141021232352.0</controlfield>
    <controlfield tag="008">860205s1951    dcua         f000 0 eng d</controlfield>
    <datafield tag="035" ind1=" " ind2=" ">
      <subfield code="a">(CStRLIN)NYCX86B14381</subfield>
    </datafield>
    <datafield tag="035" ind1=" " ind2=" ">
      <subfield code="a">(NIC)notisAAA0100</subfield>
    </datafield>
    <datafield tag="035" ind1=" " ind2=" ">
      <subfield code="a">(OCoLC)12185407</subfield>
    </datafield>
    <datafield tag="035" ind1=" " ind2=" ">
      <subfield code="a">102</subfield>
    </datafield>
    <datafield tag="040" ind1=" " ind2=" ">
      <subfield code="a">NIC</subfield>
      <subfield code="c">NIC</subfield>
    </datafield>
    <datafield tag="043" ind1=" " ind2=" ">
      <subfield code="a">n-cn---</subfield>
    </datafield>
    <datafield tag="100" ind1="1" ind2=" ">
      <subfield code="a">Harlan, Charles Le Roy,</subfield>
      <subfield code="d">1876-</subfield>
    </datafield>
    <datafield tag="245" ind1="1" ind2="0">
      <subfield code="a">Canadian livestock industry.</subfield>
    </datafield>
    <datafield tag="260" ind1=" " ind2=" ">
      <subfield code="a">Washington,</subfield>
      <subfield code="c">1951.</subfield>
    </datafield>
    <datafield tag="300" ind1=" " ind2=" ">
      <subfield code="a">117 p.</subfield>
      <subfield code="b">tables.</subfield>
    </datafield>
    <datafield tag="490" ind1="1" ind2=" ">
      <subfield code="a">United States. Foreign Agricultural Service (1953-    ). Foreign agriculture report</subfield>
      <subfield code="v">no. 61</subfield>
    </datafield>
    <datafield tag="650" ind1=" " ind2="0">
      <subfield code="a">Livestock</subfield>
      <subfield code="z">Canada.</subfield>
    </datafield>
    <datafield tag="650" ind1=" " ind2="7">
      <subfield code="a">Livestock</subfield>
      <subfield code="2">fast</subfield>
      <subfield code="0">(OCoLC)fst01000722</subfield>
    </datafield>
    <datafield tag="651" ind1=" " ind2="7">
      <subfield code="a">Canada</subfield>
      <subfield code="2">fast</subfield>
      <subfield code="0">(OCoLC)fst01204310</subfield>
    </datafield>
    <datafield tag="810" ind1="1" ind2=" ">
      <subfield code="a">United States.</subfield>
      <subfield code="b">Foreign Agricultural Service.</subfield>
      <subfield code="t">Foreign agriculture report</subfield>
      <subfield code="v">no. 61</subfield>
    </datafield>
    <datafield tag="905" ind1=" " ind2=" ">
      <subfield code="a">19920312120000.0</subfield>
    </datafield>
    <datafield tag="948" ind1="2" ind2=" ">
      <subfield code="a">20141016</subfield>
      <subfield code="b">m</subfield>
      <subfield code="d">batch</subfield>
      <subfield code="e">lts</subfield>
      <subfield code="x">addfast</subfield>
    </datafield>
    <datafield tag="950" ind1=" " ind2=" ">
      <subfield code="l">MANN</subfield>
      <subfield code="a">S21</subfield>
      <subfield code="b">.A75Fa no.61</subfield>
      <subfield code="f">BASIC</subfield>
      <subfield code="i">02/05/86 N</subfield>
    </datafield>
  </record>
</collection>
